
@IEEEtranBSTCTL{IEEEexample:BSTcontrol,
  CTLdash_repeated_names = "no"
}


@TechReport{Welke2020-SLP,
  author      = {P. Welke and C. Bauckhage},
  title       = {{ML2R Coding Nuggets: Solving Linear Programming Problems}},
  institution = {MLAI, University of Bonn},
  year        = {2020},
  _note       = {}}


@TechReport{Welke2020-SLP2,
  author      = {P. Welke and C. Bauckhage},
  title       = {{ML2R Coding Nuggets: Linear Programming for Robust Regression}},
  institution = {MLAI, University of Bonn},
  year        = {2020},
  _note       = {}}
